@article{chakraborty2021large,
  title={Large $ N $ Knot Invariants},
  author={Chakraborty, Kushal and Dutta, Suvankar},
  journal={arXiv preprint arXiv:2111.11803},
  year={2021}
}
@article{lin2010hecke,
  title={On the Hecke algebras and the colored HOMFLY polynomial},
  author={Lin, Xiao-Song and Zheng, Hao},
  journal={Transactions of the American Mathematical Society},
  volume={362},
  number={1},
  pages={1--18},
  year={2010}
}

@article{kaul2001three,
  title={Three-Manifold Invariants from Chern--Simons Field Theory with Arbitrary Semi-Simple Gauge Groups},
  author={Kaul, Romesh K and Ramadevi, P},
  journal={Communications in Mathematical Physics},
  volume={217},
  number={2},
  pages={295--314},
  year={2001},
  publisher={Springer}
}